@article{stehfest_1970,
  title   = {Algorithm 368: Numerical inversion of Laplace transforms [D5]},
  volume  = {13},
  doi     = {10.1145/361953.361969},
  number  = {1},
  journal = {Communications of the ACM},
  author  = {Stehfest, Harald},
  year    = {1970},
  pages   = {47â€“49}
}
